[gd_scene load_steps=23 format=3 uid="uid://c2gn3ii88a4fh"]

[ext_resource type="PackedScene" uid="uid://cytxiwyeftjf" path="res://match/match.tscn" id="1_moepn"]
[ext_resource type="Script" path="res://match/building_generator/building_generator_0.gd" id="2_2bcpt"]
[ext_resource type="Texture2D" uid="uid://di8khlvv1thi1" path="res://assets/tiles/powerplant.png" id="3_8puox"]
[ext_resource type="Texture2D" uid="uid://dn12nbnusqmy8" path="res://assets/buildings/factory.png" id="4_kcd6u"]
[ext_resource type="Texture2D" uid="uid://bkn8y6g33dl2w" path="res://assets/tiles/transporter-up-energized.png" id="5_r5a4d"]
[ext_resource type="Texture2D" uid="uid://uh7f7yld2xv7" path="res://assets/tiles/transporter-right-energized.png" id="6_6n650"]
[ext_resource type="Texture2D" uid="uid://6wb4sbg1vxjh" path="res://assets/buildings/rotator.png" id="7_5gepp"]
[ext_resource type="Texture2D" uid="uid://u4ullq1wm74k" path="res://assets/tiles/transporter-down-energized.png" id="7_vyjtg"]
[ext_resource type="Texture2D" uid="uid://c1g1h1bejrbr" path="res://assets/tiles/transporter-left-energized.png" id="8_vpqyw"]
[ext_resource type="Texture2D" uid="uid://baa6xk2ot55e1" path="res://assets/tiles/base-lit.png" id="10_r8yq1"]
[ext_resource type="Texture2D" uid="uid://d2esr557vdea0" path="res://assets/tiles/base-lit2.png" id="11_b5ypa"]
[ext_resource type="Script" path="res://match/hud/build_palette/building_spec.gd" id="12_qmuyg"]

[sub_resource type="Resource" id="Resource_5ip3v"]
resource_local_to_scene = true
resource_name = "Power Plant"
script = ExtResource("12_qmuyg")
thumbnails = [ExtResource("3_8puox"), ExtResource("3_8puox"), ExtResource("3_8puox"), ExtResource("3_8puox")]
name = "Power Plant"
description = "This power plant can harness the power of heat to produce energy."
building_up_path = "res://buildings/power_plant/power_plant.tscn"
building_right_path = "res://buildings/power_plant/power_plant.tscn"
building_down_path = "res://buildings/power_plant/power_plant.tscn"
building_left_path = "res://buildings/power_plant/power_plant.tscn"
material_cost = 0
requires_power_source = true
requires_matter_source = false

[sub_resource type="Resource" id="Resource_nuc0j"]
resource_local_to_scene = true
resource_name = "FactorySpec"
script = ExtResource("12_qmuyg")
thumbnails = [ExtResource("4_kcd6u"), ExtResource("4_kcd6u"), ExtResource("4_kcd6u"), ExtResource("4_kcd6u")]
name = "Factory"
description = "This factory produces the matter necessary to construct other buildings."
building_up_path = "res://buildings/factory/factory.tscn"
building_right_path = "res://buildings/factory/factory.tscn"
building_down_path = "res://buildings/factory/factory.tscn"
building_left_path = "res://buildings/factory/factory.tscn"
material_cost = 0
requires_power_source = false
requires_matter_source = true

[sub_resource type="Resource" id="Resource_ergek"]
resource_local_to_scene = true
resource_name = "Transmitter"
script = ExtResource("12_qmuyg")
thumbnails = [ExtResource("5_r5a4d"), ExtResource("6_6n650"), ExtResource("7_vyjtg"), ExtResource("8_vpqyw")]
name = "Transmitter"
description = "This machine can transport energy from one palce to another."
building_up_path = "res://buildings/transmitter/transmitter_up.tscn"
building_right_path = "res://buildings/transmitter/transmitter_right.tscn"
building_down_path = "res://buildings/transmitter/transmitter_down.tscn"
building_left_path = "res://buildings/transmitter/transmitter_left.tscn"
material_cost = 0
requires_power_source = false
requires_matter_source = false

[sub_resource type="AtlasTexture" id="AtlasTexture_m5r1n"]
atlas = ExtResource("7_5gepp")
region = Rect2(64, 0, 64, 64)

[sub_resource type="AtlasTexture" id="AtlasTexture_of375"]
atlas = ExtResource("7_5gepp")
region = Rect2(64, 0, 64, 64)

[sub_resource type="AtlasTexture" id="AtlasTexture_4t2bh"]
atlas = ExtResource("7_5gepp")
region = Rect2(128, 0, 64, 64)

[sub_resource type="AtlasTexture" id="AtlasTexture_wb7sy"]
atlas = ExtResource("7_5gepp")
region = Rect2(192, 0, 64, 64)

[sub_resource type="Resource" id="Resource_jq57t"]
resource_local_to_scene = true
resource_name = "Rotator"
script = ExtResource("12_qmuyg")
thumbnails = [SubResource("AtlasTexture_m5r1n"), SubResource("AtlasTexture_of375"), SubResource("AtlasTexture_4t2bh"), SubResource("AtlasTexture_wb7sy")]
name = "Rotator"
description = "This machine can rotate other trasmitters and rotators."
building_up_path = "res://buildings/rotator/rotator_up.tscn"
building_right_path = "res://buildings/rotator/rotator_right.tscn"
building_down_path = "res://buildings/rotator/rotator_down.tscn"
building_left_path = "res://buildings/rotator/rotator_left.tscn"
material_cost = 0
requires_power_source = null
requires_matter_source = null

[sub_resource type="Resource" id="Resource_i1e8j"]
resource_name = "Settlement"
script = ExtResource("12_qmuyg")
thumbnails = [ExtResource("10_r8yq1"), ExtResource("10_r8yq1"), ExtResource("10_r8yq1"), ExtResource("10_r8yq1")]
name = "Settlement"
description = "this is a description"
building_up_path = "res://buildings/settlement/settlement.tscn"
building_right_path = "res://buildings/settlement/settlement.tscn"
building_down_path = "res://buildings/settlement/settlement.tscn"
building_left_path = "res://buildings/settlement/settlement.tscn"
material_cost = 0
requires_power_source = false
requires_matter_source = false

[sub_resource type="Resource" id="Resource_ywwbg"]
resource_name = "Settlement 2"
script = ExtResource("12_qmuyg")
thumbnails = [ExtResource("11_b5ypa"), ExtResource("11_b5ypa"), ExtResource("11_b5ypa"), ExtResource("11_b5ypa")]
name = "Settlement 2"
description = "this is a description"
building_up_path = "res://buildings/settlement/settlement_2.tscn"
building_right_path = "res://buildings/settlement/settlement_2.tscn"
building_down_path = "res://buildings/settlement/settlement_2.tscn"
building_left_path = "res://buildings/settlement/settlement_2.tscn"
material_cost = 0
requires_power_source = false
requires_matter_source = false

[node name="Match" instance=ExtResource("1_moepn")]

[node name="Center" parent="." index="1"]
layout_mode = 1

[node name="building_generator" parent="BuildingPlacer" index="0"]
script = ExtResource("2_2bcpt")

[node name="VBoxContainer" parent="HUD/MarginContainer" index="0"]
layout_mode = 2

[node name="HBoxContainer" parent="HUD/MarginContainer/VBoxContainer" index="0"]
layout_mode = 2

[node name="LifeCounter" parent="HUD/MarginContainer/VBoxContainer/HBoxContainer" index="0"]
layout_mode = 2

[node name="MatterCounter" parent="HUD/MarginContainer/VBoxContainer/HBoxContainer" index="1"]
layout_mode = 2

[node name="BuildPalette" parent="HUD/MarginContainer/VBoxContainer" index="1"]
layout_mode = 2
building_specs = [SubResource("Resource_5ip3v"), SubResource("Resource_nuc0j"), SubResource("Resource_ergek"), SubResource("Resource_jq57t"), SubResource("Resource_i1e8j"), SubResource("Resource_ywwbg")]

[node name="TileInfo" parent="HUD/MarginContainer/VBoxContainer" index="2"]
layout_mode = 2
