[gd_scene load_steps=13 format=3 uid="uid://daelhs8uaytl7"]

[ext_resource type="Texture2D" uid="uid://b74dxdmsmfebe" path="res://assets/vfx/zap.png" id="1_k04py"]
[ext_resource type="Script" path="res://map/zap/zap.gd" id="1_t6r7f"]

[sub_resource type="AtlasTexture" id="AtlasTexture_cedyf"]
atlas = ExtResource("1_k04py")
region = Rect2(0, 0, 64, 64)

[sub_resource type="AtlasTexture" id="AtlasTexture_5rjgp"]
atlas = ExtResource("1_k04py")
region = Rect2(64, 0, 64, 64)

[sub_resource type="AtlasTexture" id="AtlasTexture_2878q"]
atlas = ExtResource("1_k04py")
region = Rect2(128, 0, 64, 64)

[sub_resource type="AtlasTexture" id="AtlasTexture_x0xxq"]
atlas = ExtResource("1_k04py")
region = Rect2(192, 0, 64, 64)

[sub_resource type="AtlasTexture" id="AtlasTexture_38bmh"]
atlas = ExtResource("1_k04py")
region = Rect2(256, 0, 64, 64)

[sub_resource type="AtlasTexture" id="AtlasTexture_u8mmh"]
atlas = ExtResource("1_k04py")
region = Rect2(0, 64, 64, 64)

[sub_resource type="AtlasTexture" id="AtlasTexture_7cykn"]
atlas = ExtResource("1_k04py")
region = Rect2(64, 64, 64, 64)

[sub_resource type="AtlasTexture" id="AtlasTexture_teipk"]
atlas = ExtResource("1_k04py")
region = Rect2(128, 64, 64, 64)

[sub_resource type="AtlasTexture" id="AtlasTexture_ig4pm"]
atlas = ExtResource("1_k04py")
region = Rect2(192, 64, 64, 64)

[sub_resource type="SpriteFrames" id="SpriteFrames_p5n4d"]
animations = [{
"frames": [SubResource("AtlasTexture_cedyf"), SubResource("AtlasTexture_5rjgp"), SubResource("AtlasTexture_2878q"), SubResource("AtlasTexture_x0xxq"), SubResource("AtlasTexture_38bmh"), SubResource("AtlasTexture_u8mmh"), SubResource("AtlasTexture_7cykn"), SubResource("AtlasTexture_teipk"), SubResource("AtlasTexture_ig4pm")],
"loop": false,
"name": &"default",
"speed": 12.0
}]

[node name="Zap" type="Node2D"]
script = ExtResource("1_t6r7f")

[node name="Sprite" type="AnimatedSprite2D" parent="."]
frames = SubResource("SpriteFrames_p5n4d")

[connection signal="animation_finished" from="Sprite" to="." method="_on_sprite_animation_finished"]
