[gd_scene load_steps=23 format=3 uid="uid://b5r6diiqa8cpr"]

[ext_resource type="Script" path="res://buildings/building.gd" id="1_sipmi"]
[ext_resource type="PackedScene" uid="uid://btbivk7ru1fdj" path="res://buildings/components/base/body.tscn" id="2_q7xdr"]
[ext_resource type="Script" path="res://buildings/components/energy/energizable.gd" id="3_3sg6k"]
[ext_resource type="Texture2D" uid="uid://6wb4sbg1vxjh" path="res://assets/buildings/rotator.png" id="3_42yqi"]
[ext_resource type="Texture2D" uid="uid://db2ncrf7nxph8" path="res://assets/buildings/rotator-dark.png" id="3_rc8aj"]
[ext_resource type="PackedScene" uid="uid://daelhs8uaytl7" path="res://map/zap/zap.tscn" id="5_3g6g4"]
[ext_resource type="Script" path="res://buildings/components/consumers/rotator.gd" id="5_lu662"]
[ext_resource type="Script" path="res://buildings/components/activable/metamorphic.gd" id="6_enn33"]
[ext_resource type="Script" path="res://buildings/components/energy/conductor.gd" id="7_7at3e"]
[ext_resource type="PackedScene" uid="uid://dkr22vcvxferd" path="res://buildings/components/action_menu/action_menu.tscn" id="7_t8lnj"]
[ext_resource type="PackedScene" uid="uid://djqr7ndbv8qq6" path="res://buildings/components/action_menu/action/action.tscn" id="8_6jeq4"]
[ext_resource type="Script" path="res://buildings/components/destructible/destructible.gd" id="9_56vij"]
[ext_resource type="PackedScene" uid="uid://bdkrvxtkhwh6m" path="res://buildings/components/sfx/sfx.tscn" id="10_l71bc"]
[ext_resource type="PackedScene" uid="uid://tne06dbltg47" path="res://buildings/components/vfx/salvage_sfx.tscn" id="11_iptwa"]

[sub_resource type="AtlasTexture" id="AtlasTexture_aag4p"]
atlas = ExtResource("3_rc8aj")
region = Rect2(0, 0, 64, 64)

[sub_resource type="AtlasTexture" id="AtlasTexture_306bc"]
atlas = ExtResource("3_rc8aj")
region = Rect2(64, 0, 64, 64)

[sub_resource type="AtlasTexture" id="AtlasTexture_fbgih"]
atlas = ExtResource("3_rc8aj")
region = Rect2(128, 0, 64, 64)

[sub_resource type="AtlasTexture" id="AtlasTexture_o7e3x"]
atlas = ExtResource("3_rc8aj")
region = Rect2(192, 0, 64, 64)

[sub_resource type="AtlasTexture" id="AtlasTexture_up06s"]
atlas = ExtResource("3_42yqi")
region = Rect2(0, 0, 64, 64)

[sub_resource type="AtlasTexture" id="AtlasTexture_xyvq8"]
atlas = ExtResource("3_42yqi")
region = Rect2(64, 0, 64, 64)

[sub_resource type="AtlasTexture" id="AtlasTexture_pny5j"]
atlas = ExtResource("3_42yqi")
region = Rect2(128, 0, 64, 64)

[sub_resource type="AtlasTexture" id="AtlasTexture_m1cj6"]
atlas = ExtResource("3_42yqi")
region = Rect2(192, 0, 64, 64)

[node name="Rotator" type="Node2D"]
script = ExtResource("1_sipmi")

[node name="Body" parent="." instance=ExtResource("2_q7xdr")]
top = SubResource("AtlasTexture_aag4p")
right = SubResource("AtlasTexture_306bc")
bottom = SubResource("AtlasTexture_fbgih")
left = SubResource("AtlasTexture_o7e3x")

[node name="Energizable" type="Node" parent="." node_paths=PackedStringArray("activatables")]
script = ExtResource("3_3sg6k")
zap_scn = ExtResource("5_3g6g4")
activatables = NodePath("../Metamorphic Charged")

[node name="Metamorphic Charged" type="Node" parent="."]
script = ExtResource("6_enn33")
top = SubResource("AtlasTexture_up06s")
right = SubResource("AtlasTexture_xyvq8")
bottom = SubResource("AtlasTexture_pny5j")
left = SubResource("AtlasTexture_m1cj6")

[node name="Conductor" type="Node" parent="."]
script = ExtResource("7_7at3e")

[node name="Rotator" type="Node" parent="."]
script = ExtResource("5_lu662")

[node name="ActionMenu" parent="." instance=ExtResource("7_t8lnj")]

[node name="DeleteAction" parent="ActionMenu" instance=ExtResource("8_6jeq4")]
action_name = "Delete (+5 M)"

[node name="Destructible" type="Node" parent="."]
script = ExtResource("9_56vij")
salvaged_matter = 5
salvaged_vfx_scn = ExtResource("11_iptwa")

[node name="SFX" parent="." instance=ExtResource("10_l71bc")]

[connection signal="option_selected" from="ActionMenu" to="Destructible" method="_on_action_menu_option_selected"]
